@article{ide_bigbang,
  title={The Big Bang Theory of IDEs: Pondering the vastness of the ever-expanding universe of IDEs, you might wonder whether a usable IDE is too much to ask for.},
  author={Boekhoudt, Caspar},
  journal={Queue},
  volume={1},
  number={7},
  pages={74--82},
  year={2003},
  publisher={ACM New York, NY, USA}
}

@article{ide_productivity,
  title={How much integrated development environments (ides) improve productivity?},
  author={Zayour, Iyad and Hajjdiab, Hassan},
  journal={J. Softw.},
  volume={8},
  number={10},
  pages={2425--2431},
  year={2013}
}

@book{vscode,
  title={Visual Studio Code: End-to-End Editing and Debugging Tools for Web Developers},
  author={Johnson, Bruce},
  year={2019},
  publisher={John Wiley \& Sons}
}